<?xml version="1.0" encoding="UTF-8"?><collection xmlns="http://www.loc.gov/MARC21/slim"><record><leader>00568nam--2200193-i-4500</leader><controlfield tag="001">000001742</controlfield><controlfield tag="002">20161230</controlfield><controlfield tag="005">20161230201024</controlfield><controlfield tag="008">060222s1000------------r-----000-0-eng-d</controlfield><datafield ind1=" " ind2=" " tag="040"><subfield code="a">IFIN-HH</subfield></datafield><datafield ind1=" " ind2=" " tag="080"><subfield code="a">621.391(038)=002=20=40:801.323.2=20=40</subfield></datafield><datafield ind1="1" ind2=" " tag="100"><subfield code="a">Ginguay, Michel</subfield></datafield><datafield ind1="1" ind2="0" tag="245"><subfield code="a">Dictionnaire d'informatique. anglais-francais</subfield><subfield code="c">Michel ginguay</subfield></datafield><datafield ind1=" " ind2=" " tag="250"><subfield code="a">Deuxieme Edition</subfield></datafield><datafield ind1=" " ind2=" " tag="260"><subfield code="a">Paris</subfield><subfield code="b">Masson Et Cie, Editeurs</subfield><subfield code="c">1971</subfield></datafield><datafield ind1=" " ind2=" " tag="300"><subfield code="a">138 P</subfield></datafield><datafield ind1=" " ind2=" " tag="490"><subfield code="a">Les Techniques De Base De L'Informatique</subfield></datafield><datafield ind1=" " ind2=" " tag="852"><subfield code="a">D.466</subfield><subfield code="c">SLG</subfield></datafield><datafield ind1=" " ind2=" " tag="CAT"><subfield code="a">Sys</subfield><subfield code="c">20130211</subfield><subfield code="h">165531</subfield></datafield></record></collection>